<?xml version="1.0" encoding="utf-8"?>
<record xmlns="http://www.loc.gov/MARC21/slim" xmlns:xsi="http://www.w3.org/2001/XMLSchema-instance" xsi:schemaLocation="http://www.loc.gov/MARC21/slim http://www.loc.gov/standards/marcxml/schema/MARC21slim.xsd">
	<leader>     nam a22        4500</leader>
	<controlfield tag="001">3080897</controlfield>
	<controlfield tag="003">NNC</controlfield>
	<controlfield tag="006">m        d        </controlfield>
	<controlfield tag="007">cr cn |||m|||a</controlfield>
	<controlfield tag="008">160426m19321935ua      o     000 0 ara d</controlfield>
	<datafield ind1=" " ind2=" " tag="040">
		<subfield code="a">NNU</subfield>
		<subfield code="b">eng</subfield>
		<subfield code="e">rda</subfield>
		<subfield code="c">NNU</subfield>
	</datafield>
	<datafield ind1="1" ind2=" " tag="100">
		<subfield code="6">880-01</subfield>
		<subfield code="a">Nūr al-Dīn al-Ḥalabī, ʻAlī ibn Ibrāhīm,</subfield>
		<subfield code="d">1567 or 1568-1635.</subfield>
	</datafield>
	<datafield ind1="1" ind2="0" tag="245">
		<subfield code="6">880-02</subfield>
		<subfield code="a">Insān al-ʻuyūn fī sīrat al-Amīn al-Maʼmūn :</subfield>
		<subfield code="b">al-ma rūfah bi al-Sīrah al-Ḥalabīyah /</subfield>
		<subfield code="c">taʼlīf ʻAlī ibn Burhān al-Dīn al-Ḥalabī al-Shāfiʻī. Wabi-hāmishihā: al-Sīrah al-Nabawīyah wa al-āthār al-Muḥammadīyah, lil-Sayyid Aḥmad Zaynī al-mashʹhūr bi Daḥlān.</subfield>
	</datafield>
	<datafield ind1=" " ind2=" " tag="250">
		<subfield code="6">880-03</subfield>
		<subfield code="a">Al-tabʻah al-3.</subfield>
	</datafield>
	<datafield ind1=" " ind2=" " tag="260">
		<subfield code="6">880-04</subfield>
		<subfield code="a">Miṣr :</subfield>
		<subfield code="b">Al-maṭbaʻah al-Azharīyah,</subfield>
		<subfield code="c">1351-53 h., 1932-35 m.</subfield>
	</datafield>
	<datafield ind1=" " ind2=" " tag="300">
		<subfield code="a">online resource (3 volumes)</subfield>
	</datafield>
	<datafield ind1=" " ind2=" " tag="336">
		<subfield code="a">text</subfield>
		<subfield code="2">rdacontent</subfield>
	</datafield>
	<datafield ind1=" " ind2=" " tag="337">
		<subfield code="a">computer</subfield>
		<subfield code="2">rdamedia</subfield>
	</datafield>
	<datafield ind1=" " ind2=" " tag="338">
		<subfield code="a">online resource</subfield>
		<subfield code="2">rdacarrier</subfield>
	</datafield>
	<datafield ind1=" " ind2=" " tag="500">
		<subfield code="a">Part of the Arabic Collections Online (ACO) project, contributed by Columbia University Libraries.</subfield>
	</datafield>
	<datafield ind1=" " ind2=" " tag="533">
		<subfield code="a">Electronic reproduction.</subfield>
		<subfield code="b">New York, N.Y. :</subfield>
		<subfield code="c">New York University,</subfield>
		<subfield code="d">2016.</subfield>
		<subfield code="5">NNU</subfield>
	</datafield>
	<datafield ind1="0" ind2="0" tag="600">
		<subfield code="6">880-05</subfield>
		<subfield code="a">Muḥammad,</subfield>
		<subfield code="c">Prophet,</subfield>
		<subfield code="d">-632.</subfield>
	</datafield>
	<datafield ind1="2" ind2=" " tag="710">
		<subfield code="a">Columbia University.</subfield>
		<subfield code="b">Libraries.</subfield>
	</datafield>
	<datafield ind1="0" ind2=" " tag="730">
		<subfield code="a">Arabic Collections Online.</subfield>
	</datafield>
	<datafield ind1="0" ind2="8" tag="776">
		<subfield code="i">Print version:</subfield>
		<subfield code="a">Nūr al-Dīn al-Ḥalabī, ʻAlī ibn Ibrāhīm, 1567 or 1568-1635.</subfield>
		<subfield code="t">Insān al-ʻuyūn fī sīrat al-Amīn al-Maʼmūn</subfield>
		<subfield code="w">(NNC)3080897</subfield>
		<subfield code="w">(OCoLC)47934222</subfield>
	</datafield>
	<datafield ind1="4" ind2="0" tag="856">
		<subfield code="u">http://hdl.handle.net/2333.1/xd254c0m</subfield>
	</datafield>
	<datafield ind1="1" ind2=" " tag="880">
		<subfield code="6">100-01/r</subfield>
		<subfield code="a">نور الدين الحلبي، علي بن ابراهيم،</subfield>
		<subfield code="d">1567 or 1568-1635.</subfield>
	</datafield>
	<datafield ind1="1" ind2="0" tag="880">
		<subfield code="6">245-02/r</subfield>
		<subfield code="a">انسان العيون في سيرة الامين المامون :</subfield>
		<subfield code="b">المعروفة بالسيرة الحلبية /</subfield>
		<subfield code="c">تأليف علي بن برهان الدين الحلبي الشافعي. وبهامشها: السيرة النبوية والآثار المحمدية، للسيد احمد زيني المشهور بدحلان.</subfield>
	</datafield>
	<datafield ind1=" " ind2=" " tag="880">
		<subfield code="6">250-03/r</subfield>
		<subfield code="a">الطبعة ال3.</subfield>
	</datafield>
	<datafield ind1=" " ind2=" " tag="880">
		<subfield code="6">260-04/r</subfield>
		<subfield code="a">مصر :</subfield>
		<subfield code="b">المطبعة الازهرية،</subfield>
		<subfield code="c">135153 ه.، 1932-35 م.</subfield>
	</datafield>
	<datafield ind1="0" ind2="4" tag="880">
		<subfield code="6">600-05/r</subfield>
		<subfield code="a">محمد،</subfield>
		<subfield code="c">Prophet,</subfield>
		<subfield code="d">-632.</subfield>
	</datafield>
	<datafield ind1=" " ind2=" " tag="959">
		<subfield code="a">NNU</subfield>
		<subfield code="b">WEB</subfield>
		<subfield code="c">GENI</subfield>
		<subfield code="t">0</subfield>
		<subfield code="m">Electronic access</subfield>
		<subfield code="s">01</subfield>
	</datafield>
	<datafield ind1=" " ind2=" " tag="999">
		<subfield code="i">NNC_3080897</subfield>
		<subfield code="o">(OCoLC)ocm47934222</subfield>
		<subfield code="s">columbia_aco001905:v.1</subfield>
		<subfield code="s">columbia_aco001906:v.3</subfield>
		<subfield code="s">columbia_aco001907:v.2</subfield>
		<subfield code="e">(ERROR-880)</subfield>
		<subfield code="s">columbia_aco001905:v.1</subfield>
		<subfield code="s">columbia_aco001906:v.3</subfield>
		<subfield code="s">columbia_aco001907:v.2</subfield>
	</datafield>
</record>
